<record><leader>00000cas a22000007a 4500</leader><controlfield tag="001">21053307</controlfield><controlfield tag="008">900212d18811883mouwr ne      0    0eng d</controlfield><datafield ind1=" " ind2=" " tag="010"><subfield code="a">sn 90061226 </subfield></datafield><datafield ind1=" " ind2=" " tag="040"><subfield code="a">MQN</subfield><subfield code="b">eng</subfield><subfield code="c">MQN</subfield><subfield code="d">OCLCQ</subfield></datafield><datafield ind1=" " ind2=" " tag="042"><subfield code="a">msc</subfield></datafield><datafield ind1="0" ind2="0" tag="245"><subfield code="a">Barton County progress.</subfield></datafield><datafield ind1=" " ind2=" " tag="260"><subfield code="a">Lamar, Mo. :</subfield><subfield code="b">R. Crockett,</subfield><subfield code="c">-1883.</subfield></datafield><datafield ind1=" " ind2=" " tag="300"><subfield code="a">v.</subfield></datafield><datafield ind1=" " ind2=" " tag="310"><subfield code="a">Weekly</subfield></datafield><datafield ind1="1" ind2=" " tag="362"><subfield code="a">Began in 1881?</subfield></datafield><datafield ind1="0" ind2=" " tag="362"><subfield code="a">-v. 3, no. 8 (May 11, 1883).</subfield></datafield><datafield ind1=" " ind2=" " tag="588"><subfield code="a">Description based on: Vol. 2, no. 24 (Sept. 1, 1882).</subfield></datafield><datafield ind1=" " ind2=" " tag="752"><subfield code="a">United States</subfield><subfield code="b">Missouri</subfield><subfield code="c">Barton</subfield><subfield code="d">Lamar.</subfield></datafield><datafield ind1="0" ind2="0" tag="780"><subfield code="t">Lamar democrat (Lamar, Mo. : 1871)</subfield><subfield code="w">(DLC)sn 85033956</subfield></datafield><datafield ind1="0" ind2="0" tag="785"><subfield code="t">Lamar democrat (Lamar, Mo. : 1883)</subfield><subfield code="w">(DLC)sn 83009094</subfield></datafield></record>